@article{lspi,
	author = {Lagoudakis, Michail G and Parr, Ronald},
	journal = {The Journal of Machine Learning Research},
	pages = {1107--1149},
	title = {{Least-squares policy iteration}},
	volume = {4},
	year = {2003}
}

@article{Waltz2006,
	author = {Waltz, R. A. and Morales, J. L. and Nocedal, J. and Orban, D.},
	journal = {Mathematical Programming},
	number = {3},
	pages = {391--408},
	title = {{An interior algorithm for nonlinear optimization that combines line search and trust region steps}},
	volume = {107},
	year = {2006}
}

@article{odemodel,
	author = {Zhao, Yufan and Kosorok, Michael R and Zeng, Donglin},
	journal = {Statistics in Medicine},
	number = {26},
	pages = {3294--3315},
	title = {{Reinforcement learning design for cancer clinical trials}},
	volume = {28},
	year = {2010}
}